02RETORNO01COBRANCA       00000000001108407209ALIMENTOS WILSON LTDA         274MONEYPLUS      1610250160000002211                                                                                                                                                                                                                                                                          161025         000001
10255323216000180000009000102876126  000013963700909363952025 0000000038100001475 0000000000             00006161025001929420138100001475         1910250000005041120133017761 000000000000000000000000000000000000000000000000000000000000000000000000000000000000484112000000000000000000000000000  0161025006          00000000000000                                                                  000002
10255323216000180000009000102876126  000030297100909352242025 0000000038100001447 0000000000             00006161025001916530138100001447         1610250000000261480341084881 000000000000000000000000000000000000000000000000000000000000000000000000000000000000026148000000000000000000000000000  0161025006          00000000000000                                                                  000003
10255323216000180000009000102876126  000015300000909340222025 0000000038100001365 0000000000             00006161025001902210138100001365         1610250000000363540341029561 000000000000000000000000000000000000000000000000000000000000000000000000000000000000036354000000000000000000000000000  0161025006          00000000000000                                                                  000004
10255323216000180000009000102876126  000007618200909339832025 0000000038100001310 0000000000             00006161025001901830238100001310         1610250000000151894033000741 000000000000000000000000000000000000000000000000000000000000000000000000000000000000015189400000000000000000000000000  0161025006          00000000000000                                                                  000005
10255323216000180000009000102876126  000007618700909339702025 0000000038100001289 0000000000             00006161025001901700138100001289         1610250000000382764237004801 000000000000000000000000000000000000000000000000000000000000000000000000000000000000038276400000000000000000000000000  0161025006          00000000000000                                                                  000006
10255323216000180000009000102876126  000031760000909339732025 0000000038100001292 0000000000             00006161025001901730238100001292         1610250000000085522341000071 000000000000000000000000000000000000000000000000000000000000000000000000000000000000008552200000000000000000000000000  0161025006          00000000000000                                                                  000007
9201274          0000000600000006286320                  000000000000000000000060863200000600000000000000000000000000000000000000000000000000000000000000000000                                                                                                                                                                                                                                           000008
