02RETORNO01COBRANCA       00000000000005392334FLOWINVEST FIDC               237BRADESCO       1610250160000000862                                                                                                                                                                                                                                                                          171025         000001
10220460014000103000000903509001109060000003630590000003196464000000001100029939990000000000000000000000000902161025473001    00000000110002993999251225000000034500023704144  000000000000000000000000000000000000000000000000000000000000000000000000000000000000000000000000000000000000000000000   181025                 7600000000                                                                  000002
1022046001400010300000090350900110906000000099187000000319447400000000110002994006000000000000000000000000090216102570183001  00000000110002994006061125000000883129623703509  000000000000000000000000000000000000000000000000000000000000000000000000000000000000000000000000000000000000000000000   181025                 7600000000                                                                  000003
102204600140001030000009035090011090600000036056000000031964440000000011000299401400000000000000000000000009021610253815001   00000000110002994014131125000001639872023704151  000000000000000000000000000000000000000000000000000000000000000000000000000000000000000000000000000000000000000000000   181025                 7600000000                                                                  000004
102204600140001030000009035090011090600000036056000000031964450000000011000299402200000000000000000000000009021610253817001   00000000110002994022131125000000250338523704151  000000000000000000000000000000000000000000000000000000000000000000000000000000000000000000000000000000000000000000000   181025                 7600000000                                                                  000005
1022046001400010300000090350900110906000000376947000000319644300000000110002994030000000000000000000000000090216102531        00000000110002994030291025000000150000023704157  000000000000000000000000000000000000000000000000000000000000000000000000000000000000000000000000000000000000000000000   181025                 7600000000                                                                  000006
102204600140001030000009035090011090600000036679300000031964480000000011000299404900000000000000000000000009021610253940      00000000110002994049051125000000014100023704157  000000000000000000000000000000000000000000000000000000000000000000000000000000000000000000000000000000000000000000000   181025                 7600000000                                                                  000007
102204600140001030000009035090011090600000036679300000031964490000000011000299405700000000000000000000000009021610253939      00000000110002994057051125000000007400023704157  000000000000000000000000000000000000000000000000000000000000000000000000000000000000000000000000000000000000000000000   181025                 7600000000                                                                  000008
102204600140001030000009035090011090600000036679300000031964500000000011000299406500000000000000000000000009021610253935      00000000110002994065051125000000008400023704157  000000000000000000000000000000000000000000000000000000000000000000000000000000000000000000000000000000000000000000000   181025                 7600000000                                                                  000009
102204600140001030000009035090011090600000036679300000031964510000000011000299407300000000000000000000000009021610253934      00000000110002994073051125000000015400023704157  000000000000000000000000000000000000000000000000000000000000000000000000000000000000000000000000000000000000000000000   181025                 7600000000                                                                  000010
102204600140001030000009035090011090600000036679300000031964520000000011000299408100000000000000000000000009021610253912      00000000110002994081051125000000003544423704157  000000000000000000000000000000000000000000000000000000000000000000000000000000000000000000000000000000000000000000000   181025                 7600000000                                                                  000011
102204600140001030000009035090011090600000036679300000031964530000000011000299409P00000000000000000000000009021610253911      0000000011000299409P051125000000031758023704157  000000000000000000000000000000000000000000000000000000000000000000000000000000000000000000000000000000000000000000000   181025                 7600000000                                                                  000012
102204600140001030000009035090011090600000036679300000031964540000000011000299410300000000000000000000000009021610253910      00000000110002994103051125000000011342223704157  000000000000000000000000000000000000000000000000000000000000000000000000000000000000000000000000000000000000000000000   181025                 7600000000                                                                  000013
102204600140001030000009035090011090600000036679300000031964550000000011000299411100000000000000000000000009021610253909      00000000110002994111051125000000028355423704157  000000000000000000000000000000000000000000000000000000000000000000000000000000000000000000000000000000000000000000000   181025                 7600000000                                                                  000014
102204600140001030000009035090011090600000036679300000031964560000000011000299412P00000000000000000000000009021610253893      0000000011000299412P051125000000023000023704157  000000000000000000000000000000000000000000000000000000000000000000000000000000000000000000000000000000000000000000000   181025                 7600000000                                                                  000015
102204600140001030000009035090011090600000036679300000031964570000000011000299413800000000000000000000000009021610253892      00000000110002994138051125000000005000023704157  000000000000000000000000000000000000000000000000000000000000000000000000000000000000000000000000000000000000000000000   181025                 7600000000                                                                  000016
102204600140001030000009035090011090600000036679300000031964580000000011000299414600000000000000000000000009021610253882      00000000110002994146051125000000041500023704157  000000000000000000000000000000000000000000000000000000000000000000000000000000000000000000000000000000000000000000000   181025                 7600000000                                                                  000017
1022046001400010300000090350900110906000000377154000000319644600000000110002994154000000000000000000000000090216102564        00000000110002994154111225000000545000023704144  000000000000000000000000000000000000000000000000000000000000000000000000000000000000000000000000000000000000000000000   181025                 7600000000                                                                  000018
1022046001400010300000090350900110906000000377154000000319644700000000110002994162000000000000000000000000090216102565        00000000110002994162271125000000679500023704144  000000000000000000000000000000000000000000000000000000000000000000000000000000000000000000000000000000000000000000000   181025                 7600000000                                                                  000019
10220460014000103000000903509001109060000003826250000003196442000000001100029941700000000000000000000000000902161025350       00000000110002994170271125000000080000023704144  000000000000000000000000000000000000000000000000000000000000000000000000000000000000000000000000000000000000000000000   181025                 7600000000                                                                  000020
10220460014000103000000903509001109060000003815830000003194470000000001100029941890000000000000000000000000902161025919001    00000000110002994189241125000000115200023704144  000000000000000000000000000000000000000000000000000000000000000000000000000000000000000000000000000000000000000000000   181025                 7600000000                                                                  000021
10220460014000103000000903509001109060000003815830000003196459000000001100029941970000000000000000000000000902161025940001    00000000110002994197281125000000124797623704144  000000000000000000000000000000000000000000000000000000000000000000000000000000000000000000000000000000000000000000000   181025                 7600000000                                                                  000022
10220460014000103000000903509001109060000003815830000003196460000000001100029942000000000000000000000000000902161025941001    00000000110002994200281125000000115200023704144  000000000000000000000000000000000000000000000000000000000000000000000000000000000000000000000000000000000000000000000   181025                 7600000000                                                                  000023
10220460014000103000000903509001109060000003815830000003196461000000001100029942190000000000000000000000000902161025963001    00000000110002994219011225000000124797623704144  000000000000000000000000000000000000000000000000000000000000000000000000000000000000000000000000000000000000000000000   181025                 7600000000                                                                  000024
10220460014000103000000903509001109060000003815830000003196462000000001100029942270000000000000000000000000902161025928001    00000000110002994227271125000000115200023704144  000000000000000000000000000000000000000000000000000000000000000000000000000000000000000000000000000000000000000000000   181025                 7600000000                                                                  000025
1022046001400010300000090350900110906000000345371000000319646500000000110002994235000000000000000000000000090216102531-2      00000000110002994235131125000000117970023704144  000000000000000000000000000000000000000000000000000000000000000000000000000000000000000000000000000000000000000000000   181025                 7600000000                                                                  000026
10220460014000103000000903509001109060000003630590000003196626000000001100029942430000000000000000000000000902161025480001    00000000110002994243010126000000250250023704144  000000000000000000000000000000000000000000000000000000000000000000000000000000000000000000000000000000000000000000000   181025                 7600000000                                                                  000027
10220460014000103000000903509001109060000003130110000003196551000000001100029942510000000000000000000000000902161025115215001 00000000110002994251151125000000005596023704144  000000000000000000000000000000000000000000000000000000000000000000000000000000000000000000000000000000000000000000000   181025                 0000000000                                                                  000028
102204600140001030000009035090011090600000031301100000031965520000000011000299426P0000000000000000000000000902161025115215002 0000000011000299426P151225000000005596023704144  000000000000000000000000000000000000000000000000000000000000000000000000000000000000000000000000000000000000000000000   181025                 0000000000                                                                  000029
10220460014000103000000903509001109060000003130110000003196553000000001100029942780000000000000000000000000902161025115215003 00000000110002994278140126000000005596023704144  000000000000000000000000000000000000000000000000000000000000000000000000000000000000000000000000000000000000000000000   181025                 0000000000                                                                  000030
10220460014000103000000903509001109060000003130110000003196554000000001100029942860000000000000000000000000902161025115216001 00000000110002994286151125000000005408023704144  000000000000000000000000000000000000000000000000000000000000000000000000000000000000000000000000000000000000000000000   181025                 7600000000                                                                  000031
10220460014000103000000903509001109060000003130110000003196556000000001100029942940000000000000000000000000902161025115217002 00000000110002994294131125000000003225023704144  000000000000000000000000000000000000000000000000000000000000000000000000000000000000000000000000000000000000000000000   181025                 0000000000                                                                  000032
10220460014000103000000903509001109060000003130110000003196557000000001100029943080000000000000000000000000902161025115217003 00000000110002994308271125000000003225023704144  000000000000000000000000000000000000000000000000000000000000000000000000000000000000000000000000000000000000000000000   181025                 0000000000                                                                  000033
10220460014000103000000903509001109060000003130110000003196562000000001100029943160000000000000000000000000902161025115220001 00000000110002994316151125000000002925023704144  000000000000000000000000000000000000000000000000000000000000000000000000000000000000000000000000000000000000000000000   181025                 7600000000                                                                  000034
10220460014000103000000903509001109060000003130110000003196563000000001100029943240000000000000000000000000902161025115220002 00000000110002994324301125000000002925023704144  000000000000000000000000000000000000000000000000000000000000000000000000000000000000000000000000000000000000000000000   181025                 7600000000                                                                  000035
10220460014000103000000903509001109060000003130110000003196567000000001100029943320000000000000000000000000902161025115222001 00000000110002994332131125000000001768923704144  000000000000000000000000000000000000000000000000000000000000000000000000000000000000000000000000000000000000000000000   181025                 0000000000                                                                  000036
10220460014000103000000903509001109060000003130110000003196568000000001100029943400000000000000000000000000902161025115224001 00000000110002994340151125000000006237523704144  000000000000000000000000000000000000000000000000000000000000000000000000000000000000000000000000000000000000000000000   181025                 0000000000                                                                  000037
10220460014000103000000903509001109060000003130110000003196571000000001100029943590000000000000000000000000902161025115226001 00000000110002994359151125000000006058023703509  000000000000000000000000000000000000000000000000000000000000000000000000000000000000000000000000000000000000000000000   181025                 7600000000                                                                  000038
10220460014000103000000903509001109060000003130110000003196572000000001100029943670000000000000000000000000902161025115226002 00000000110002994367151225000000006058023703509  000000000000000000000000000000000000000000000000000000000000000000000000000000000000000000000000000000000000000000000   181025                 7600000000                                                                  000039
10220460014000103000000903509001109060000003130110000003196573000000001100029943750000000000000000000000000902161025115227001 00000000110002994375131125000000001398023704144  000000000000000000000000000000000000000000000000000000000000000000000000000000000000000000000000000000000000000000000   181025                 0000000000                                                                  000040
10220460014000103000000903509001109060000003130110000003196574000000001100029943830000000000000000000000000902161025115228001 00000000110002994383151125000000007912823704144  000000000000000000000000000000000000000000000000000000000000000000000000000000000000000000000000000000000000000000000   181025                 7600000000                                                                  000041
10220460014000103000000903509001109060000003130110000003196575000000001100029943910000000000000000000000000902161025115228002 00000000110002994391151225000000007912823704144  000000000000000000000000000000000000000000000000000000000000000000000000000000000000000000000000000000000000000000000   181025                 7600000000                                                                  000042
10220460014000103000000903509001109060000003130110000003196576000000001100029944050000000000000000000000000902161025115229001 00000000110002994405201125000000001520023704144  000000000000000000000000000000000000000000000000000000000000000000000000000000000000000000000000000000000000000000000   181025                 7600000000                                                                  000043
10220460014000103000000903509001109060000003130110000003196577000000001100029944130000000000000000000000000902161025115230001 00000000110002994413311025000000003309123704158  000000000000000000000000000000000000000000000000000000000000000000000000000000000000000000000000000000000000000000000   181025                 0000000000                                                                  000044
10220460014000103000000903509001109060000003130110000003196578000000001100029944210000000000000000000000000902161025115230002 00000000110002994421151125000000003309123704158  000000000000000000000000000000000000000000000000000000000000000000000000000000000000000000000000000000000000000000000   181025                 0000000000                                                                  000045
102204600140001030000009035090011090600000031301100000031965790000000011000299443P0000000000000000000000000902161025115230003 0000000011000299443P301125000000003309123704158  000000000000000000000000000000000000000000000000000000000000000000000000000000000000000000000000000000000000000000000   181025                 0000000000                                                                  000046
10220460014000103000000903509001109060000003130110000003196580000000001100029944480000000000000000000000000902161025115230004 00000000110002994448151225000000003309123704158  000000000000000000000000000000000000000000000000000000000000000000000000000000000000000000000000000000000000000000000   181025                 0000000000                                                                  000047
10220460014000103000000903509001109060000003130110000003196581000000001100029944560000000000000000000000000902161025115230005 00000000110002994456301225000000003309223704158  000000000000000000000000000000000000000000000000000000000000000000000000000000000000000000000000000000000000000000000   181025                 0000000000                                                                  000048
10220460014000103000000903509001109060000003130110000003196582000000001100029944640000000000000000000000000902161025115232001 00000000110002994464131125000000001465023704144  000000000000000000000000000000000000000000000000000000000000000000000000000000000000000000000000000000000000000000000   181025                 7600000000                                                                  000049
10220460014000103000000903509001109060000003130110000003196583000000001100029944720000000000000000000000000902161025115233001 00000000110002994472131125000000002214023704144  000000000000000000000000000000000000000000000000000000000000000000000000000000000000000000000000000000000000000000000   181025                 7600000000                                                                  000050
10220460014000103000000903509001109060000003130110000003196584000000001100029944800000000000000000000000000902161025115234001 00000000110002994480311025000000010934823704157  000000000000000000000000000000000000000000000000000000000000000000000000000000000000000000000000000000000000000000000   181025                 7600000000                                                                  000051
10220460014000103000000903509001109060000003130110000003196585000000001100029944990000000000000000000000000902161025115234002 00000000110002994499151125000000010934823704157  000000000000000000000000000000000000000000000000000000000000000000000000000000000000000000000000000000000000000000000   181025                 7600000000                                                                  000052
10220460014000103000000903509001109060000003130110000003196586000000001100029945020000000000000000000000000902161025115234003 00000000110002994502301125000000010934823704157  000000000000000000000000000000000000000000000000000000000000000000000000000000000000000000000000000000000000000000000   181025                 7600000000                                                                  000053
10220460014000103000000903509001109060000003130110000003196587000000001100029945100000000000000000000000000902161025115234004 00000000110002994510151225000000010934823704157  000000000000000000000000000000000000000000000000000000000000000000000000000000000000000000000000000000000000000000000   181025                 7600000000                                                                  000054
10220460014000103000000903509001109060000003130110000003196588000000001100029945290000000000000000000000000902161025115234005 00000000110002994529301225000000010934823704157  000000000000000000000000000000000000000000000000000000000000000000000000000000000000000000000000000000000000000000000   181025                 7600000000                                                                  000055
10220460014000103000000903509001109060000003130110000003196589000000001100029945370000000000000000000000000902161025115234006 00000000110002994537140126000000010934523704157  000000000000000000000000000000000000000000000000000000000000000000000000000000000000000000000000000000000000000000000   181025                 7600000000                                                                  000056
10220460014000103000000903509001109060000003130110000003196590000000001100029945450000000000000000000000000902161025115235001 00000000110002994545151125000000012368423704157  000000000000000000000000000000000000000000000000000000000000000000000000000000000000000000000000000000000000000000000   181025                 7600000000                                                                  000057
10220460014000103000000903509001109060000003130110000003196591000000001100029945530000000000000000000000000902161025115235002 00000000110002994553301125000000012368423704157  000000000000000000000000000000000000000000000000000000000000000000000000000000000000000000000000000000000000000000000   181025                 7600000000                                                                  000058
10220460014000103000000903509001109060000003130110000003196592000000001100029945610000000000000000000000000902161025115235003 00000000110002994561151225000000012368423704157  000000000000000000000000000000000000000000000000000000000000000000000000000000000000000000000000000000000000000000000   181025                 7600000000                                                                  000059
102204600140001030000009035090011090600000031301100000031965930000000011000299457P0000000000000000000000000902161025115236001 0000000011000299457P151125000000009677323704157  000000000000000000000000000000000000000000000000000000000000000000000000000000000000000000000000000000000000000000000   181025                 7600000000                                                                  000060
10220460014000103000000903509001109060000003130110000003196594000000001100029945880000000000000000000000000902161025115236002 00000000110002994588301125000000009677323704157  000000000000000000000000000000000000000000000000000000000000000000000000000000000000000000000000000000000000000000000   181025                 7600000000                                                                  000061
10220460014000103000000903509001109060000003130110000003196595000000001100029945960000000000000000000000000902161025115236003 00000000110002994596151225000000009677223704157  000000000000000000000000000000000000000000000000000000000000000000000000000000000000000000000000000000000000000000000   181025                 7600000000                                                                  000062
102204600140001030000009035090011090600000031301100000031965960000000011000299460P0000000000000000000000000902161025115237001 0000000011000299460P151125000000024666623704157  000000000000000000000000000000000000000000000000000000000000000000000000000000000000000000000000000000000000000000000   181025                 7600000000                                                                  000063
10220460014000103000000903509001109060000003130110000003196597000000001100029946180000000000000000000000000902161025115237002 00000000110002994618301125000000024666623704157  000000000000000000000000000000000000000000000000000000000000000000000000000000000000000000000000000000000000000000000   181025                 7600000000                                                                  000064
10220460014000103000000903509001109060000003130110000003196598000000001100029946260000000000000000000000000902161025115237003 00000000110002994626151225000000024666623704157  000000000000000000000000000000000000000000000000000000000000000000000000000000000000000000000000000000000000000000000   181025                 7600000000                                                                  000065
10220460014000103000000903509001109060000003130110000003196599000000001100029946340000000000000000000000000902161025115238001 00000000110002994634201125000000002385023704144  000000000000000000000000000000000000000000000000000000000000000000000000000000000000000000000000000000000000000000000   181025                 7600000000                                                                  000066
10220460014000103000000903509001109060000003130110000003196600000000001100029946420000000000000000000000000902161025115239001 00000000110002994642051125000000014999523703509  000000000000000000000000000000000000000000000000000000000000000000000000000000000000000000000000000000000000000000000   181025                 7600000000                                                                  000067
10220460014000103000000903509001109060000003130110000003196601000000001100029946500000000000000000000000000902161025115239002 00000000110002994650151125000000014999523703509  000000000000000000000000000000000000000000000000000000000000000000000000000000000000000000000000000000000000000000000   181025                 7600000000                                                                  000068
10220460014000103000000903509001109060000003130110000003196602000000001100029946690000000000000000000000000902161025115240001 00000000110002994669151125000000008959123703509  000000000000000000000000000000000000000000000000000000000000000000000000000000000000000000000000000000000000000000000   181025                 0000000000                                                                  000069
10220460014000103000000903509001109060000003130110000003196603000000001100029946770000000000000000000000000902161025115240002 00000000110002994677151225000000008959123703509  000000000000000000000000000000000000000000000000000000000000000000000000000000000000000000000000000000000000000000000   181025                 0000000000                                                                  000070
10220460014000103000000903509001109060000003130110000003196604000000001100029946850000000000000000000000000902161025115241001 00000000110002994685151125000000010335123704158  000000000000000000000000000000000000000000000000000000000000000000000000000000000000000000000000000000000000000000000   181025                 7600000000                                                                  000071
10220460014000103000000903509001109060000003130110000003196605000000001100029946930000000000000000000000000902161025115241002 00000000110002994693301125000000010335123704158  000000000000000000000000000000000000000000000000000000000000000000000000000000000000000000000000000000000000000000000   181025                 7600000000                                                                  000072
10220460014000103000000903509001109060000003130110000003196606000000001100029947070000000000000000000000000902161025115241003 00000000110002994707151225000000010335023704158  000000000000000000000000000000000000000000000000000000000000000000000000000000000000000000000000000000000000000000000   181025                 7600000000                                                                  000073
10220460014000103000000903509001109060000003130110000003196607000000001100029947150000000000000000000000000902161025115242001 00000000110002994715051125000000007499823703509  000000000000000000000000000000000000000000000000000000000000000000000000000000000000000000000000000000000000000000000   181025                 7600000000                                                                  000074
10220460014000103000000903509001109060000003130110000003196608000000001100029947230000000000000000000000000902161025115242002 00000000110002994723151125000000007499723703509  000000000000000000000000000000000000000000000000000000000000000000000000000000000000000000000000000000000000000000000   181025                 7600000000                                                                  000075
10220460014000103000000903509001109060000003130110000003196609000000001100029947310000000000000000000000000902161025115243001 00000000110002994731151125000000008264023704144  000000000000000000000000000000000000000000000000000000000000000000000000000000000000000000000000000000000000000000000   181025                 7600000000                                                                  000076
102204600140001030000009035090011090600000031301100000031966100000000011000299474P0000000000000000000000000902161025115243002 0000000011000299474P151225000000008264023704144  000000000000000000000000000000000000000000000000000000000000000000000000000000000000000000000000000000000000000000000   181025                 7600000000                                                                  000077
10220460014000103000000903509001109060000003130110000003196611000000001100029947580000000000000000000000000902161025115243003 00000000110002994758140126000000008264023704144  000000000000000000000000000000000000000000000000000000000000000000000000000000000000000000000000000000000000000000000   181025                 7600000000                                                                  000078
10220460014000103000000903509001109060000003130110000003196612000000001100029947660000000000000000000000000902161025115244001 00000000110002994766051125000000014443423704157  000000000000000000000000000000000000000000000000000000000000000000000000000000000000000000000000000000000000000000000   181025                 7600000000                                                                  000079
10220460014000103000000903509001109060000003130110000003196613000000001100029947740000000000000000000000000902161025115244002 00000000110002994774201125000000014443423704157  000000000000000000000000000000000000000000000000000000000000000000000000000000000000000000000000000000000000000000000   181025                 7600000000                                                                  000080
10220460014000103000000903509001109060000003130110000003196614000000001100029947820000000000000000000000000902161025115244003 00000000110002994782051225000000014443423704157  000000000000000000000000000000000000000000000000000000000000000000000000000000000000000000000000000000000000000000000   181025                 7600000000                                                                  000081
10220460014000103000000903509001109060000003130110000003196615000000001100029947900000000000000000000000000902161025115244004 00000000110002994790301225000000014443423704157  000000000000000000000000000000000000000000000000000000000000000000000000000000000000000000000000000000000000000000000   181025                 7600000000                                                                  000082
10220460014000103000000903509001109060000003130110000003196616000000001100029948040000000000000000000000000902161025115244005 00000000110002994804140126000000014443623704157  000000000000000000000000000000000000000000000000000000000000000000000000000000000000000000000000000000000000000000000   181025                 7600000000                                                                  000083
10220460014000103000000903509001109060000003130110000003196617000000001100029948120000000000000000000000000902161025115245001 00000000110002994812151125000000007202023704157  000000000000000000000000000000000000000000000000000000000000000000000000000000000000000000000000000000000000000000000   181025                 0000000000                                                                  000084
10220460014000103000000903509001109060000003130110000003196618000000001100029948200000000000000000000000000902161025115245002 00000000110002994820301125000000007202023704157  000000000000000000000000000000000000000000000000000000000000000000000000000000000000000000000000000000000000000000000   181025                 0000000000                                                                  000085
10220460014000103000000903509001109060000003130110000003196619000000001100029948390000000000000000000000000902161025115245003 00000000110002994839151225000000007201923704157  000000000000000000000000000000000000000000000000000000000000000000000000000000000000000000000000000000000000000000000   181025                 0000000000                                                                  000086
10220460014000103000000903509001109060000003130110000003196620000000001100029948470000000000000000000000000902161025115246001 00000000110002994847151125000000006874823704144  000000000000000000000000000000000000000000000000000000000000000000000000000000000000000000000000000000000000000000000   181025                 7600000000                                                                  000087
10220460014000103000000903509001109060000003130110000003196621000000001100029948550000000000000000000000000902161025115246002 00000000110002994855251125000000006874823704144  000000000000000000000000000000000000000000000000000000000000000000000000000000000000000000000000000000000000000000000   181025                 7600000000                                                                  000088
10220460014000103000000903509001109060000003130110000003196622000000001100029948630000000000000000000000000902161025115246003 00000000110002994863051225000000006874823704144  000000000000000000000000000000000000000000000000000000000000000000000000000000000000000000000000000000000000000000000   181025                 7600000000                                                                  000089
10220460014000103000000903509001109060000003130110000003196623000000001100029948710000000000000000000000000902161025115246004 00000000110002994871151225000000006875023704144  000000000000000000000000000000000000000000000000000000000000000000000000000000000000000000000000000000000000000000000   181025                 7600000000                                                                  000090
102204600140001030000009035090011090600000031301100000031966240000000011000299488P0000000000000000000000000902161025115247001 0000000011000299488P131125000000001797023704144  000000000000000000000000000000000000000000000000000000000000000000000000000000000000000000000000000000000000000000000   181025                 7600000000                                                                  000091
102204600140001030000009035090011090600000000053100000031966280000000011000301237100000000000000000000000009021610251572001   00000000110003012371131125000002059980023704157  000000000000000000000000000000000000000000000000000000000000000000000000000000000000000000000000000000000000000000000   181025                 7600000000                                                                  000092
102204600140001030000009035090011090600000034121500000031966270000000011000301238P0000000000000000000000000902161025975       0000000011000301238P211125000000192140023704144  000000000000000000000000000000000000000000000000000000000000000000000000000000000000000000000000000000000000000000000   181025                 7600000000                                                                  000093
10220460014000103000000903509001109060000003851040000003196463000000001100030123980000000000000000000000000902161025310       00000000110003012398271125000000235000023704157  000000000000000000000000000000000000000000000000000000000000000000000000000000000000000000000000000000000000000000000   181025                 7600000000                                                                  000094
1022046001400010300000090350900110906000000346618000000319649600000000987000458734000000000000000000000000090216102584990/01  00000000987000458734021225000000016799723703509  000000000000000000000000000000000000000000000000000000000000000000000000000000000000000000000000000000000000000000000   181025                 0000000000                                                                  000095
1022046001400010300000090350900110906000000346618000000319651400000000987000458742000000000000000000000000090216102584987/01  00000000987000458742041225000000031991223704143  000000000000000000000000000000000000000000000000000000000000000000000000000000000000000000000000000000000000000000000   181025                 7600000000                                                                  000096
1022046001400010300000090350900110906000000346618000000319653400000000987000458750000000000000000000000000090216102584998/01  00000000987000458750041225000000013539723703509  000000000000000000000000000000000000000000000000000000000000000000000000000000000000000000000000000000000000000000000   181025                 0000000000                                                                  000097
1022046001400010300000090350900110906000000346618000000319652500000000987000458769000000000000000000000000090216102584996/01  00000000987000458769091225000000013520423704274  000000000000000000000000000000000000000000000000000000000000000000000000000000000000000000000000000000000000000000000   181025                 0000000000                                                                  000098
1022046001400010300000090350900110906000000346618000000319648400000000987000458777000000000000000000000000090216102584985/01  00000000987000458777101225000000008930423700389  000000000000000000000000000000000000000000000000000000000000000000000000000000000000000000000000000000000000000000000   181025                 0000000000                                                                  000099
1022046001400010300000090350900110906000000346618000000319646600000000987000458785000000000000000000000000090216102585001/01  00000000987000458785101225000000008213823700389  000000000000000000000000000000000000000000000000000000000000000000000000000000000000000000000000000000000000000000000   181025                 0000000000                                                                  000100
1022046001400010300000090350900110906000000346618000000319653000000000987000458793000000000000000000000000090216102585003/01  00000000987000458793101225000000008591823700389  000000000000000000000000000000000000000000000000000000000000000000000000000000000000000000000000000000000000000000000   181025                 7600000000                                                                  000101
1022046001400010300000090350900110906000000346618000000319648100000000987000458807000000000000000000000000090216102584988/01  00000000987000458807111225000000005347223704159  000000000000000000000000000000000000000000000000000000000000000000000000000000000000000000000000000000000000000000000   181025                 0000000000                                                                  000102
1022046001400010300000090350900110906000000346618000000319649800000000987000458815000000000000000000000000090216102585000/01  00000000987000458815111225000000004233523702397  000000000000000000000000000000000000000000000000000000000000000000000000000000000000000000000000000000000000000000000   181025                 0000000000                                                                  000103
1022046001400010300000090350900110906000000346618000000319649200000000987000458823000000000000000000000000090216102584992/01  00000000987000458823121225000000009296423704147  000000000000000000000000000000000000000000000000000000000000000000000000000000000000000000000000000000000000000000000   181025                 7600000000                                                                  000104
1022046001400010300000090350900110906000000346618000000319654100000000987000458831000000000000000000000000090216102584994/01  00000000987000458831131225000000008364623704159  000000000000000000000000000000000000000000000000000000000000000000000000000000000000000000000000000000000000000000000   181025                 7600000000                                                                  000105
102204600140001030000009035090011090600000034661800000031965370000000098700045884P000000000000000000000000090216102584995/01  0000000098700045884P141225000000011900423704159  000000000000000000000000000000000000000000000000000000000000000000000000000000000000000000000000000000000000000000000   181025                 0000000000                                                                  000106
1022046001400010300000090350900110906000000346618000000319653500000000987000458858000000000000000000000000090216102584998/02  00000000987000458858141225000000013539623703509  000000000000000000000000000000000000000000000000000000000000000000000000000000000000000000000000000000000000000000000   181025                 0000000000                                                                  000107
1022046001400010300000090350900110906000000346618000000319647500000000987000458866000000000000000000000000090216102584993/01  00000000987000458866151225000000020410623700408  000000000000000000000000000000000000000000000000000000000000000000000000000000000000000000000000000000000000000000000   181025                 0000000000                                                                  000108
1022046001400010300000090350900110906000000346618000000319651900000000987000458874000000000000000000000000090216102584999/01  00000000987000458874151225000000013247023704422  000000000000000000000000000000000000000000000000000000000000000000000000000000000000000000000000000000000000000000000   181025                 7600000000                                                                  000109
1022046001400010300000090350900110906000000346618000000319648700000000987000458882000000000000000000000000090216102584991/01  00000000987000458882161225000000013308223702397  000000000000000000000000000000000000000000000000000000000000000000000000000000000000000000000000000000000000000000000   181025                 0000000000                                                                  000110
1022046001400010300000090350900110906000000346618000000319649700000000987000458890000000000000000000000000090216102584990/02  00000000987000458890221225000000016799723703509  000000000000000000000000000000000000000000000000000000000000000000000000000000000000000000000000000000000000000000000   181025                 0000000000                                                                  000111
1022046001400010300000090350900110906000000346618000000319653600000000987000458904000000000000000000000000090216102584998/03  00000000987000458904241225000000013539623703509  000000000000000000000000000000000000000000000000000000000000000000000000000000000000000000000000000000000000000000000   181025                 0000000000                                                                  000112
1022046001400010300000090350900110906000000346618000000319646700000000987000458912000000000000000000000000090216102585001/02  00000000987000458912251225000000008213823700389  000000000000000000000000000000000000000000000000000000000000000000000000000000000000000000000000000000000000000000000   181025                 0000000000                                                                  000113
1022046001400010300000090350900110906000000346618000000319649900000000987000458920000000000000000000000000090216102585000/02  00000000987000458920261225000000004233223702397  000000000000000000000000000000000000000000000000000000000000000000000000000000000000000000000000000000000000000000000   181025                 0000000000                                                                  000114
1022046001400010300000090350900110906000000346618000000319654200000000987000458939000000000000000000000000090216102584994/02  00000000987000458939281225000000008364623704159  000000000000000000000000000000000000000000000000000000000000000000000000000000000000000000000000000000000000000000000   181025                 7600000000                                                                  000115
1022046001400010300000090350900110906000000346618000000319651500000000987000458947000000000000000000000000090216102584989/01  00000000987000458947050126000000008968623704452  000000000000000000000000000000000000000000000000000000000000000000000000000000000000000000000000000000000000000000000   181025                 7600000000                                                                  000116
1022046001400010300000090350900110906000000346618000000319650900000000987000458955000000000000000000000000090216102584997/01  00000000987000458955050126000000012272923703509  000000000000000000000000000000000000000000000000000000000000000000000000000000000000000000000000000000000000000000000   181025                 0000000000                                                                  000117
1022046001400010300000090350900110906000000346618000000319652600000000987000458963000000000000000000000000090216102584996/02  00000000987000458963080126000000013520223704274  000000000000000000000000000000000000000000000000000000000000000000000000000000000000000000000000000000000000000000000   181025                 0000000000                                                                  000118
1022046001400010300000090350900110906000000346618000000319648500000000987000458971000000000000000000000000090216102584985/02  00000000987000458971090126000000008930423700389  000000000000000000000000000000000000000000000000000000000000000000000000000000000000000000000000000000000000000000000   181025                 0000000000                                                                  000119
102204600140001030000009035090011090600000034661800000031964680000000098700045898P000000000000000000000000090216102585001/03  0000000098700045898P090126000000008213823700389  000000000000000000000000000000000000000000000000000000000000000000000000000000000000000000000000000000000000000000000   181025                 0000000000                                                                  000120
1022046001400010300000090350900110906000000346618000000319653100000000987000458998000000000000000000000000090216102585003/02  00000000987000458998090126000000008592023700389  000000000000000000000000000000000000000000000000000000000000000000000000000000000000000000000000000000000000000000000   181025                 7600000000                                                                  000121
1022046001400010300000090350900110906000000346618000000319648200000000987000459005000000000000000000000000090216102584988/02  00000000987000459005100126000000005347223704159  000000000000000000000000000000000000000000000000000000000000000000000000000000000000000000000000000000000000000000000   181025                 0000000000                                                                  000122
1022046001400010300000090350900110906000000346618000000319650000000000987000459013000000000000000000000000090216102585000/03  00000000987000459013100126000000004233223702397  000000000000000000000000000000000000000000000000000000000000000000000000000000000000000000000000000000000000000000000   181025                 0000000000                                                                  000123
1022046001400010300000090350900110906000000346618000000319649300000000987000459021000000000000000000000000090216102584992/02  00000000987000459021110126000000009296423704147  000000000000000000000000000000000000000000000000000000000000000000000000000000000000000000000000000000000000000000000   181025                 7600000000                                                                  000124
102204600140001030000009035090011090600000034661800000031965430000000098700045903P000000000000000000000000090216102584994/03  0000000098700045903P120126000000008364623704159  000000000000000000000000000000000000000000000000000000000000000000000000000000000000000000000000000000000000000000000   181025                 7600000000                                                                  000125
1022046001400010300000090350900110906000000346618000000319653800000000987000459048000000000000000000000000090216102584995/02  00000000987000459048130126000000011900423704159  000000000000000000000000000000000000000000000000000000000000000000000000000000000000000000000000000000000000000000000   181025                 0000000000                                                                  000126
1022046001400010300000090350900110906000000346618000000319647600000000987000459056000000000000000000000000090216102584993/02  00000000987000459056140126000000020410623700408  000000000000000000000000000000000000000000000000000000000000000000000000000000000000000000000000000000000000000000000   181025                 0000000000                                                                  000127
1022046001400010300000090350900110906000000346618000000319652000000000987000459064000000000000000000000000090216102584999/02  00000000987000459064140126000000013247023704422  000000000000000000000000000000000000000000000000000000000000000000000000000000000000000000000000000000000000000000000   181025                 7600000000                                                                  000128
1022046001400010300000090350900110906000000346618000000319648800000000987000459072000000000000000000000000090216102584991/02  00000000987000459072150126000000013308223702397  000000000000000000000000000000000000000000000000000000000000000000000000000000000000000000000000000000000000000000000   181025                 0000000000                                                                  000129
1022046001400010300000090350900110906000000346618000000319646900000000987000459080000000000000000000000000090216102585001/04  00000000987000459080240126000000008213823700389  000000000000000000000000000000000000000000000000000000000000000000000000000000000000000000000000000000000000000000000   181025                 0000000000                                                                  000130
1022046001400010300000090350900110906000000346618000000319650100000000987000459099000000000000000000000000090216102585000/04  00000000987000459099250126000000004233223702397  000000000000000000000000000000000000000000000000000000000000000000000000000000000000000000000000000000000000000000000   181025                 0000000000                                                                  000131
1022046001400010300000090350900110906000000346618000000319654400000000987000459102000000000000000000000000090216102584994/04  00000000987000459102270126000000008364623704159  000000000000000000000000000000000000000000000000000000000000000000000000000000000000000000000000000000000000000000000   181025                 7600000000                                                                  000132
1022046001400010300000090350900110906000000346618000000319651600000000987000459110000000000000000000000000090216102584989/02  00000000987000459110040226000000008968523704452  000000000000000000000000000000000000000000000000000000000000000000000000000000000000000000000000000000000000000000000   181025                 7600000000                                                                  000133
1022046001400010300000090350900110906000000346618000000319651000000000987000459129000000000000000000000000090216102584997/02  00000000987000459129040226000000012273123703509  000000000000000000000000000000000000000000000000000000000000000000000000000000000000000000000000000000000000000000000   181025                 0000000000                                                                  000134
1022046001400010300000090350900110906000000346618000000319652700000000987000459137000000000000000000000000090216102584996/03  00000000987000459137070226000000013520223704274  000000000000000000000000000000000000000000000000000000000000000000000000000000000000000000000000000000000000000000000   181025                 0000000000                                                                  000135
1022046001400010300000090350900110906000000346618000000319648600000000987000459145000000000000000000000000090216102584985/03  00000000987000459145080226000000008930423700389  000000000000000000000000000000000000000000000000000000000000000000000000000000000000000000000000000000000000000000000   181025                 0000000000                                                                  000136
1022046001400010300000090350900110906000000346618000000319647000000000987000459153000000000000000000000000090216102585001/05  00000000987000459153080226000000008213823700389  000000000000000000000000000000000000000000000000000000000000000000000000000000000000000000000000000000000000000000000   181025                 0000000000                                                                  000137
1022046001400010300000090350900110906000000346618000000319653200000000987000459161000000000000000000000000090216102585003/03  00000000987000459161080226000000008592023700389  000000000000000000000000000000000000000000000000000000000000000000000000000000000000000000000000000000000000000000000   181025                 7600000000                                                                  000138
102204600140001030000009035090011090600000034661800000031964830000000098700045917P000000000000000000000000090216102584988/03  0000000098700045917P090226000000005347223704159  000000000000000000000000000000000000000000000000000000000000000000000000000000000000000000000000000000000000000000000   181025                 0000000000                                                                  000139
1022046001400010300000090350900110906000000346618000000319650200000000987000459188000000000000000000000000090216102585000/05  00000000987000459188090226000000004233223702397  000000000000000000000000000000000000000000000000000000000000000000000000000000000000000000000000000000000000000000000   181025                 0000000000                                                                  000140
1022046001400010300000090350900110906000000346618000000319649400000000987000459196000000000000000000000000090216102584992/03  00000000987000459196100226000000009296423704147  000000000000000000000000000000000000000000000000000000000000000000000000000000000000000000000000000000000000000000000   181025                 7600000000                                                                  000141
102204600140001030000009035090011090600000034661800000031965450000000098700045920P000000000000000000000000090216102584994/05  0000000098700045920P110226000000008364623704159  000000000000000000000000000000000000000000000000000000000000000000000000000000000000000000000000000000000000000000000   181025                 7600000000                                                                  000142
1022046001400010300000090350900110906000000346618000000319653900000000987000459218000000000000000000000000090216102584995/03  00000000987000459218120226000000011900423704159  000000000000000000000000000000000000000000000000000000000000000000000000000000000000000000000000000000000000000000000   181025                 0000000000                                                                  000143
1022046001400010300000090350900110906000000346618000000319647700000000987000459226000000000000000000000000090216102584993/03  00000000987000459226130226000000020410623700408  000000000000000000000000000000000000000000000000000000000000000000000000000000000000000000000000000000000000000000000   181025                 0000000000                                                                  000144
1022046001400010300000090350900110906000000346618000000319652100000000987000459234000000000000000000000000090216102584999/03  00000000987000459234130226000000013247023704422  000000000000000000000000000000000000000000000000000000000000000000000000000000000000000000000000000000000000000000000   181025                 7600000000                                                                  000145
1022046001400010300000090350900110906000000346618000000319648900000000987000459242000000000000000000000000090216102584991/03  00000000987000459242140226000000013308223702397  000000000000000000000000000000000000000000000000000000000000000000000000000000000000000000000000000000000000000000000   181025                 0000000000                                                                  000146
1022046001400010300000090350900110906000000346618000000319647100000000987000459250000000000000000000000000090216102585001/06  00000000987000459250230226000000008213823700389  000000000000000000000000000000000000000000000000000000000000000000000000000000000000000000000000000000000000000000000   181025                 0000000000                                                                  000147
1022046001400010300000090350900110906000000346618000000319650300000000987000459269000000000000000000000000090216102585000/06  00000000987000459269240226000000004233223702397  000000000000000000000000000000000000000000000000000000000000000000000000000000000000000000000000000000000000000000000   181025                 0000000000                                                                  000148
1022046001400010300000090350900110906000000346618000000319654600000000987000459277000000000000000000000000090216102584994/06  00000000987000459277260226000000008364623704159  000000000000000000000000000000000000000000000000000000000000000000000000000000000000000000000000000000000000000000000   181025                 7600000000                                                                  000149
1022046001400010300000090350900110906000000346618000000319651700000000987000459285000000000000000000000000090216102584989/03  00000000987000459285060326000000008968523704452  000000000000000000000000000000000000000000000000000000000000000000000000000000000000000000000000000000000000000000000   181025                 7600000000                                                                  000150
1022046001400010300000090350900110906000000346618000000319651100000000987000459293000000000000000000000000090216102584997/03  00000000987000459293060326000000012273123703509  000000000000000000000000000000000000000000000000000000000000000000000000000000000000000000000000000000000000000000000   181025                 0000000000                                                                  000151
1022046001400010300000090350900110906000000346618000000319652800000000987000459307000000000000000000000000090216102584996/04  00000000987000459307090326000000013520223704274  000000000000000000000000000000000000000000000000000000000000000000000000000000000000000000000000000000000000000000000   181025                 0000000000                                                                  000152
1022046001400010300000090350900110906000000346618000000319647200000000987000459315000000000000000000000000090216102585001/07  00000000987000459315100326000000008213823700389  000000000000000000000000000000000000000000000000000000000000000000000000000000000000000000000000000000000000000000000   181025                 0000000000                                                                  000153
1022046001400010300000090350900110906000000346618000000319653300000000987000459323000000000000000000000000090216102585003/04  00000000987000459323100326000000008592023700389  000000000000000000000000000000000000000000000000000000000000000000000000000000000000000000000000000000000000000000000   181025                 7600000000                                                                  000154
1022046001400010300000090350900110906000000346618000000319650400000000987000459331000000000000000000000000090216102585000/07  00000000987000459331110326000000004233223702397  000000000000000000000000000000000000000000000000000000000000000000000000000000000000000000000000000000000000000000000   181025                 0000000000                                                                  000155
102204600140001030000009035090011090600000034661800000031964950000000098700045934P000000000000000000000000090216102584992/04  0000000098700045934P120326000000009296423704147  000000000000000000000000000000000000000000000000000000000000000000000000000000000000000000000000000000000000000000000   181025                 7600000000                                                                  000156
1022046001400010300000090350900110906000000346618000000319654700000000987000459358000000000000000000000000090216102584994/07  00000000987000459358130326000000008364623704159  000000000000000000000000000000000000000000000000000000000000000000000000000000000000000000000000000000000000000000000   181025                 7600000000                                                                  000157
1022046001400010300000090350900110906000000346618000000319654000000000987000459366000000000000000000000000090216102584995/04  00000000987000459366140326000000011900423704159  000000000000000000000000000000000000000000000000000000000000000000000000000000000000000000000000000000000000000000000   181025                 0000000000                                                                  000158
1022046001400010300000090350900110906000000346618000000319647800000000987000459374000000000000000000000000090216102584993/04  00000000987000459374150326000000020410623700408  000000000000000000000000000000000000000000000000000000000000000000000000000000000000000000000000000000000000000000000   181025                 0000000000                                                                  000159
1022046001400010300000090350900110906000000346618000000319652200000000987000459382000000000000000000000000090216102584999/04  00000000987000459382150326000000013247023704422  000000000000000000000000000000000000000000000000000000000000000000000000000000000000000000000000000000000000000000000   181025                 7600000000                                                                  000160
1022046001400010300000090350900110906000000346618000000319649000000000987000459390000000000000000000000000090216102584991/04  00000000987000459390160326000000013308223702397  000000000000000000000000000000000000000000000000000000000000000000000000000000000000000000000000000000000000000000000   181025                 0000000000                                                                  000161
1022046001400010300000090350900110906000000346618000000319647300000000987000459404000000000000000000000000090216102585001/08  00000000987000459404250326000000008213823700389  000000000000000000000000000000000000000000000000000000000000000000000000000000000000000000000000000000000000000000000   181025                 0000000000                                                                  000162
1022046001400010300000090350900110906000000346618000000319650500000000987000459412000000000000000000000000090216102585000/08  00000000987000459412260326000000004233223702397  000000000000000000000000000000000000000000000000000000000000000000000000000000000000000000000000000000000000000000000   181025                 0000000000                                                                  000163
1022046001400010300000090350900110906000000346618000000319654800000000987000459420000000000000000000000000090216102584994/08  00000000987000459420280326000000008364623704159  000000000000000000000000000000000000000000000000000000000000000000000000000000000000000000000000000000000000000000000   181025                 7600000000                                                                  000164
1022046001400010300000090350900110906000000346618000000319651800000000987000459439000000000000000000000000090216102584989/04  00000000987000459439050426000000008968523704452  000000000000000000000000000000000000000000000000000000000000000000000000000000000000000000000000000000000000000000000   181025                 7600000000                                                                  000165
1022046001400010300000090350900110906000000346618000000319651200000000987000459447000000000000000000000000090216102584997/04  00000000987000459447050426000000012273123703509  000000000000000000000000000000000000000000000000000000000000000000000000000000000000000000000000000000000000000000000   181025                 0000000000                                                                  000166
1022046001400010300000090350900110906000000346618000000319652900000000987000459455000000000000000000000000090216102584996/05  00000000987000459455080426000000013520223704274  000000000000000000000000000000000000000000000000000000000000000000000000000000000000000000000000000000000000000000000   181025                 0000000000                                                                  000167
1022046001400010300000090350900110906000000346618000000319647400000000987000459463000000000000000000000000090216102585001/09  00000000987000459463090426000000008213823700389  000000000000000000000000000000000000000000000000000000000000000000000000000000000000000000000000000000000000000000000   181025                 0000000000                                                                  000168
1022046001400010300000090350900110906000000346618000000319650600000000987000459471000000000000000000000000090216102585000/09  00000000987000459471100426000000004233223702397  000000000000000000000000000000000000000000000000000000000000000000000000000000000000000000000000000000000000000000000   181025                 0000000000                                                                  000169
102204600140001030000009035090011090600000034661800000031965490000000098700045948P000000000000000000000000090216102584994/09  0000000098700045948P120426000000008364623704159  000000000000000000000000000000000000000000000000000000000000000000000000000000000000000000000000000000000000000000000   181025                 7600000000                                                                  000170
1022046001400010300000090350900110906000000346618000000319647900000000987000459498000000000000000000000000090216102584993/05  00000000987000459498140426000000020410623700408  000000000000000000000000000000000000000000000000000000000000000000000000000000000000000000000000000000000000000000000   181025                 0000000000                                                                  000171
1022046001400010300000090350900110906000000346618000000319649100000000987000459501000000000000000000000000090216102584991/05  00000000987000459501150426000000013308223702397  000000000000000000000000000000000000000000000000000000000000000000000000000000000000000000000000000000000000000000000   181025                 0000000000                                                                  000172
102204600140001030000009035090011090600000034661800000031965070000000098700045951P000000000000000000000000090216102585000/10  0000000098700045951P250426000000004233223702397  000000000000000000000000000000000000000000000000000000000000000000000000000000000000000000000000000000000000000000000   181025                 0000000000                                                                  000173
1022046001400010300000090350900110906000000346618000000319651300000000987000459528000000000000000000000000090216102584997/05  00000000987000459528050526000000012273123703509  000000000000000000000000000000000000000000000000000000000000000000000000000000000000000000000000000000000000000000000   181025                 0000000000                                                                  000174
1022046001400010300000090350900110906000000346618000000319650800000000987000459536000000000000000000000000090216102585000/11  00000000987000459536100526000000004233223702397  000000000000000000000000000000000000000000000000000000000000000000000000000000000000000000000000000000000000000000000   181025                 0000000000                                                                  000175
1022046001400010300000090350900110906000000346618000000319652300000000987000459544000000000000000000000000090216102584184/12  00000000987000459544140526000000008193023700522  000000000000000000000000000000000000000000000000000000000000000000000000000000000000000000000000000000000000000000000   181025                 0000000000                                                                  000176
1022046001400010300000090350900110906000000346618000000319652400000000987000459552000000000000000000000000090216102584185/12  00000000987000459552140526000000008483723700522  000000000000000000000000000000000000000000000000000000000000000000000000000000000000000000000000000000000000000000000   181025                 0000000000                                                                  000177
1022046001400010300000090350900110906000000346618000000319648000000000987000459560000000000000000000000000090216102584993/06  00000000987000459560140526000000020410623700408  000000000000000000000000000000000000000000000000000000000000000000000000000000000000000000000000000000000000000000000   181025                 0000000000                                                                  000178
1022046001400010300000090350900110906000000099187000000318772200000000110002982954000000000000000000000000090616102570049001  00000000110002982954161025000000883129642200035  000000000000000000000000000000000000000000000000000000000000000000000000000000000000883129600000000000000000000000000   181025             00000000000000                                                                  000179
1022046001400010300000090350900110906000000379184000000318787500000000110002984043000000000000000000000000090616102514779001  00000000110002984043161025000000900000042200035  000000000000000000000000000000000000000000000000000000000000000000000000000000000000900000000000000000000000000000000   181025             00000000000000                                                                  000180
1022046001400010300000090350900110906000000099187000000318771500000000110002984108000000000000000000000000090616102570057001  00000000110002984108161025000000809852842200035  000000000000000000000000000000000000000000000000000000000000000000000000000000000000809852800000000000000000000000000   181025             00000000000000                                                                  000181
10220460014000103000000903509001109060000003130110000003188210000000001100029844850000000000000000000000000906161025114014001 00000000110002984485191025000000002744275601895  000000000000000000000000000000000000000000000000000000000000000000000000000000000000002744200000000000000000000000000   181025             00000000000000                                                                  000182
10220460014000103000000903509001109060000003130110000003190166000000001100029904260000000000000000000000000906161025114758001 00000000110002990426241025000000003836250900001  000000000000000000000000000000000000000000000000000000000000000000000000000000000000003836200000000000000000000000000   181025             00000000000000                                                                  000183
10220460014000103000000903509001109060000003130110000003190167000000001100029904340000000000000000000000000906161025114758002 00000000110002990434081125000000003836250900001  000000000000000000000000000000000000000000000000000000000000000000000000000000000000003836200000000000000000000000000   181025             00000000000000                                                                  000184
10220460014000103000000903509001109060000003130110000003190168000000001100029904420000000000000000000000000906161025114758003 00000000110002990442231125000000003836250900001  000000000000000000000000000000000000000000000000000000000000000000000000000000000000003836200000000000000000000000000   181025             00000000000000                                                                  000185
10220460014000103000000903509001109060000003130110000003190169000000001100029904500000000000000000000000000906161025114758004 00000000110002990450081225000000003836250900001  000000000000000000000000000000000000000000000000000000000000000000000000000000000000003836200000000000000000000000000   181025             00000000000000                                                                  000186
10220460014000103000000903509001109060000003130110000003190170000000001100029904690000000000000000000000000906161025114758005 00000000110002990469231225000000003836050900001  000000000000000000000000000000000000000000000000000000000000000000000000000000000000003836000000000000000000000000000   181025             00000000000000                                                                  000187
10220460014000103000000903509001109060000003130110000003187304000000001100029820910000000000000000000000000928151025113736001 00000000110002982091141025000000002518823700000  000000000015500000000000000000000000000000000000000000000000000000000000000000000000000000000000000000000000000000000   181025                 1400000000                                                                  000188
1022046001400010300000090350900110906000000210101000000318745100000000110002982199000000000000000000000000092815102595880001  00000000110002982199151025000000569333323700000  000000000015500000000000000000000000000000000000000000000000000000000000000000000000000000000000000000000000000000000   181025                 1400000000                                                                  000189
102204600140001030000009035090011090600000031301100000031876570000000011000298244P0000000000000000000000000928151025113822001 0000000011000298244P151025000000003596423700000  000000000015500000000000000000000000000000000000000000000000000000000000000000000000000000000000000000000000000000000   181025                 1400000000                                                                  000190
10220460014000103000000903509001109060000003130110000003187676000000001100029826360000000000000000000000000928151025113833001 00000000110002982636151025000000012748823700000  000000000015500000000000000000000000000000000000000000000000000000000000000000000000000000000000000000000000000000000   181025                 1400000000                                                                  000191
10220460014000103000000903509001109060000003130110000003187700000000001100029828140000000000000000000000000928151025113845001 00000000110002982814151025000000013788023700000  000000000015500000000000000000000000000000000000000000000000000000000000000000000000000000000000000000000000000000000   181025                 1400000000                                                                  000192
10220460014000103000000903509001109060000003118220000003193558000000001100029918640000000000000000000000000928151025138262001 00000000110002991864171025000000008460023700000  000000000015500000000000000000000000000000000000000000000000000000000000000000000000000000000000000000000000000000000   181025                 1400000000                                                                  000193
10220460014000103000000903509001109060000003118220000003193560000000001100029918800000000000000000000000000928151025138275001 00000000110002991880171025000000001889423700000  000000000015500000000000000000000000000000000000000000000000000000000000000000000000000000000000000000000000000000000   181025                 1400000000                                                                  000194
10220460014000103000000903509001109060000003118220000003193563000000001100029919100000000000000000000000000928151025138362001 00000000110002991910171025000000003270723700000  000000000015500000000000000000000000000000000000000000000000000000000000000000000000000000000000000000000000000000000   181025                 1400000000                                                                  000195
10220460014000103000000903509001109060000002093280000003193553000000001100029919610000000000000000000000000928151025208914001 00000000110002991961171025000000029520523700000  000000000015500000000000000000000000000000000000000000000000000000000000000000000000000000000000000000000000000000000   181025                 1300000000                                                                  000196
10220460014000103000000903509001109060000002093260000003193571000000001100029920540000000000000000000000000928151025203793001 00000000110002992054171025000000020305523700000  000000000015500000000000000000000000000000000000000000000000000000000000000000000000000000000000000000000000000000000   181025                 1300000000                                                                  000197
10220460014000103000000903509001109060000002093260000003193572000000001100029920620000000000000000000000000928151025203794001 00000000110002992062171025000000014592523700000  000000000015500000000000000000000000000000000000000000000000000000000000000000000000000000000000000000000000000000000   181025                 1300000000                                                                  000198
10220460014000103000000903509001109060000002093260000003193577000000001100029921190000000000000000000000000928151025203855001 00000000110002992119171025000000014382423700000  000000000015500000000000000000000000000000000000000000000000000000000000000000000000000000000000000000000000000000000   181025                 1300000000                                                                  000199
9201237          000073630001019213813000000862          00177000093337039000026149074000090000261490740000000000000000000000000000000000000000000000000000000000000000000000000000000000000                                                                                                                                                                              00000000000000000000000         000200
